@book{fertig2021programming,
  title={Programming with C++ 20: Concepts, Coroutines, Ranges, and More},
  author={Fertig, Andreas},
  year={2021},
  publisher={Fertig Publications}
}

@book{plp,
  author         = {Michael L. Scott},
  edition        = {Fourth Edition},
  publisher      = {Morgan Kuafmann},
  title          = {Programming Language Pragmatics},
  year           = {2016},
  isbn = {978-0-12-410409-9}
}

@book{profcpp,
  author         = {Arc Gregoire},
  editor         = {Fifth Edition},
  publisher      = {Wrox},
  title          = {Professional C++},
  year           = {2021},
  isbn = {978-1-119-69540-0}
}

@book{aud,
  author         = {Gunter Saake, Kai-Uwe Sattler},
  editor         = {Sechste Auflage},
  publisher      = {dpunkt.verlag},
  title          = {Algorithmen und Datenstrukturen},
  year           = {2021},
  isbn = {978-3-86490-769-2}
}

@article{the-one-ranges-proposal,
  author          = {E. Niebler, C. Carter, C. Di Bella},
  number          = {P0896R4},
  title           = {The One Ranges Proposal},
  year            = {2018}
}

@online{open-std.org,
  author    = {Thomas KÃ¶ppe},
  title     = {ISO/IEC JTC1 SC22 WG21 P2131R0 / Changes between C++17 and C++20 DIS},
  year      = {2020},
  url       = {https://www.open-std.org/jtc1/sc22/wg21/docs/papers/2020/p2131r0.html},
  note      = {Zugriff: 23.11.2023}
}

@online{ranges-v3,
  author    = {Eric Niebler},
  title     = {\texttt{ranges-v3}},
  url       = {https://github.com/ericniebler/range-v3},
  note      = {Zugriff: 23.11.2023}
}

@online{compexp1:implicit,
  author    = {Compiler Explorer 1},
  title     = {Compiler Explorer},
  year      = {2023},
  url       = {https://godbolt.org/#z:OYLghAFBqd5QCxAYwPYBMCmBRdBLAF1QCcAaPECAMzwBtMA7AQwFtMQByARg9KtQYEAysib0QXACx8BBAKoBnTAAUAHpwAMvAFYTStJg1DIApACYAQuYukl9ZATwDKjdAGFUtAK4sGIM6SuADJ4DJgAcj4ARpjEIACcpAAOqAqETgwe3r7%2ByanpAiFhkSwxcYl2mA4ZQgRMxARZPn4BldUCtfUERRHRsQm2dQ1NOa1D3aG9pf3xAJS2qF7EyOwc5gDMocjeWADUJutuAG5VRMQH2CYaAIIbWzuY%2B4fICgT4ghdXt2abDNteewObicr2ImFYnxuXyYXiIuxoUQgaAYr12r3QIBAJwcJCBXgA%2BqECOszPiCJ8zAA2eF4KKzfYAdisUI08X4xF2SIEqJhRHM1IR%2BIYPl2IBpdMZzNurKu8XRmLQsKebiB4qFIqBqvlIFctAOUtlJgZABEvkbjRx5rROABWXh%2BDhaUioTgqyzWNGLZaPDY8UgETSW0gQJBoLC4QgkciUGj0ZhsTh%2B/iCERidhSGSCRQqdSOnS5AxGFDWay2TD2RzOCCuEZ%2BG3SYKTEplCRcPJpSuZTzNED19sFBg9Zv9LhttqdzrDbs5PvjmrjId9OKjwZdWu96SvLqL6bLrjzBRelacAD0J92ABUAJ5JR5Xr27MOPBCxTCkXYkXa0VBMdC7Qy7JgqisEk9AAHRfESaIAI5ePUmAQFBwosPSRpSrsGG7GCBBLAwuzIbsABU%2BE%2BPqZo/PcAI%2Boc9TEEwV6Qt8vz/ICzzokSjF3H8DzKiCBBghC6yXCy1zIq8QFJBy2q0fReKEoIJJku%2Bo4XOKTzGpKuwaKQbZtgE6ykDapAABw6QZZhtus0g2jajKmusBo3LyqC7CwTChBA9IALSqVBaFmqy7Kcs5uyEOpj4xMAHmYgisz6qFBDKo%2BrgQDFtJxQ5%2BzupYhCoUyAXxLK2qKolmqHERYVlW4aJvJiupkTcmF2QV2G4VpDW3CaQbWhwdqkA6TouhwbpWJYnpLCsWUkrwAZ5rM8wANa9tpPWSPagbOpwvAKCA2mzVo8xwLAoaoCwSR0LE0ZcmdF1xNshjAFwDIaEwChKA0fB0AQsQ7RAUQbVEoT1Feia8IDzDEFeADyUTaKcoOkGgLBsIIUMMLQIN5qQWBRF4wBuGItA7dwvBYG5RjiFj%2BBgtUJzE06QFVLCqx%2BkS5YbbQtJ0ZDHhYBt/F4CwoPzFQBjAAoABqeCYAA7lDt4OkmsipuIGbJvIShqBtugBIWxglpY%2Bi0jtkDzKgSSdsTXlQ2YvCoCcxDEHgWAm55ZYVhkLgMO405%2BJIDbezuLY2m2KQdhk67%2B/2nZB/0Ifu6c85rr7ehzh0C5NkuqfjOuY4Z8UWf7gsE3platrrVjQ27KoxmUl5lKSI%2Beu7E9YEaGBXDBW9sSW/SEARmcU37jNgbzaQS02itnBrf1G1Ddtu3%2BqPZccLbs%2BV1tS9zfMDtpM4khAA%3D%3D%3D},
  note      = {Zugriff: 19.11.2023}
}
@online{compexp1:explicit,
  author    = {Compiler Explorer 2},
  title     = {Compiler Explorer},
  year      = {2023},
  url       = {https://godbolt.org/#g:!((g:!((g:!((h:codeEditor,i:(filename:'1',fontScale:14,fontUsePx:'0',j:1,lang:c%2B%2B,selection:(endColumn:39,endLineNumber:5,positionColumn:39,positionLineNumber:5,selectionStartColumn:39,selectionStartLineNumber:5,startColumn:39,startLineNumber:5),source:'%23include+%3Cvector%3E%0A%23include+%3Ccstdint%3E%0A%23include+%3Ciostream%3E%0A%0Aauto+fib(const+std::vector%3Cu_int32_t%3E%26+fib)+%7B%0A%09for+(auto+it+%3D+cbegin(fib)%3B+it+%3C+cend(fib)%3B+%2B%2Bit)+%7B%0A%09%09std::cout+%3C%3C+*it+%3C%3C+std::endl%3B%0A++++%7D%0A%7D'),l:'5',n:'0',o:'C%2B%2B+source+%231',t:'0')),k:50,l:'4',n:'0',o:'',s:0,t:'0'),(g:!((h:compiler,i:(compiler:clang1701,filters:(b:'0',binary:'1',binaryObject:'1',commentOnly:'0',debugCalls:'1',demangle:'0',directives:'0',execute:'1',intel:'0',libraryCode:'0',trim:'1'),flagsViewOpen:'1',fontScale:14,fontUsePx:'0',j:1,lang:c%2B%2B,libs:!(),options:'-O2',overrides:!(),selection:(endColumn:44,endLineNumber:51,positionColumn:44,positionLineNumber:51,selectionStartColumn:1,selectionStartLineNumber:1,startColumn:1,startLineNumber:1),source:1),l:'5',n:'0',o:'+x86-64+clang+17.0.1+(Editor+%231)',t:'0')),k:50,l:'4',n:'0',o:'',s:0,t:'0')),l:'2',n:'0',o:'',t:'0')),version:4},
  note      = {Zugriff: 19.11.2023}
}

@online{compexp2:clang-leg,
  author    = {Compiler Explorer},
  title     = {Compiler Explorer},
  year      = {2023},
  url       = {https://godbolt.org/z/doe1aqxY5},
  note      = {Zugriff: 20.11.2023}
}
@online{compexp2:clang-ranges,
  author    = {Compiler Explorer},
  title     = {Compiler Explorer},
  year      = {2023},
  url       = {https://godbolt.org/z/nea5sv6G9},
  note      = {Zugriff: 20.11.2023}
}
@online{compexp2:gcc-leg,
  author    = {Compiler Explorer},
  title     = {Compiler Explorer},
  year      = {2023},
  url       = {https://godbolt.org/z/Gbzbso5sj},
  note      = {Zugriff: 20.11.2023}
}
@online{compexp2:gcc-ranges,
  author    = {Compiler Explorer},
  title     = {Compiler Explorer},
  year      = {2023},
  url       = {https://godbolt.org/z/KqPborYs3},
  note      = {Zugriff: 31.12.2023}
}